[gd_scene load_steps=5 format=2]

[ext_resource path="res://widgets/rotation/rotation.gd" type="Script" id=1]
[ext_resource path="res://widgets/rotation/rotation_display.material" type="Material" id=2]
[ext_resource path="res://scripts/utils/polygon2d.gd" type="Script" id=3]
[ext_resource path="res://styles/mourier_small.theme" type="Theme" id=4]

[node name="rotation_picker" type="Node2D"]
script = ExtResource( 1 )

[node name="vpc" type="ViewportContainer" parent="."]
margin_right = 200.0
margin_bottom = 200.0
mouse_filter = 2
stretch = true

[node name="vp" type="Viewport" parent="vpc"]
size = Vector2( 200, 200 )
handle_input_locally = false
msaa = 1
usage = 0
render_target_update_mode = 3

[node name="picker" type="Panel" parent="vpc/vp"]
material = ExtResource( 2 )
margin_right = 200.0
margin_bottom = 200.0
mouse_filter = 2

[node name="current" type="Polygon2D" parent="vpc/vp"]
position = Vector2( 50, 30 )
polygon = PoolVector2Array( 6, 0, 3.67394e-16, 6, -6, 7.34788e-16, -1.10218e-15, -6, 6, -1.46958e-15, 5, -1.22465e-15, -9.18485e-16, -5, -5, 6.12323e-16, 3.06162e-16, 5, 5, 0 )
script = ExtResource( 3 )
definition = 4
radius = 5.5
thickness = 1

[node name="target" type="Polygon2D" parent="vpc/vp"]
position = Vector2( 50, 30 )
polygon = PoolVector2Array( 8, 0, 4.89859e-16, 8, -8, 9.79717e-16, -1.46958e-15, -8, 8, -1.95943e-15, 7, -1.71451e-15, -1.28588e-15, -7, -7, 8.57253e-16, 4.28626e-16, 7, 7, 0 )
script = ExtResource( 3 )
definition = 4
radius = 7.5
thickness = 1

[node name="mousex" type="Polygon2D" parent="vpc/vp"]
scale = Vector2( 1, 200 )
polygon = PoolVector2Array( -0.5, -0.5, 0.5, -0.5, 0.5, 0.5, -0.5, 0.5 )

[node name="mousey" type="Polygon2D" parent="vpc/vp"]
scale = Vector2( 200, 1 )
polygon = PoolVector2Array( -0.5, -0.5, 0.5, -0.5, 0.5, 0.5, -0.5, 0.5 )

[node name="xy" type="Button" parent="."]
margin_top = 204.0
margin_right = 24.0
margin_bottom = 217.0
theme = ExtResource( 4 )
text = "xy"

[node name="yz" type="Button" parent="."]
margin_left = 30.0
margin_top = 204.0
margin_right = 54.0
margin_bottom = 217.0
theme = ExtResource( 4 )
text = "yz"

[node name="zx" type="Button" parent="."]
margin_left = 60.0
margin_top = 204.0
margin_right = 84.0
margin_bottom = 217.0
theme = ExtResource( 4 )
text = "zx"

[connection signal="pressed" from="xy" to="." method="_on_xy_pressed"]
[connection signal="pressed" from="yz" to="." method="_on_yz_pressed"]
[connection signal="pressed" from="zx" to="." method="_on_xz_pressed"]
